<!DOCTYPE html>
<meta charset="utf-8" />
<!-- version 1 -->
<title>[Gen 9] Anything Goes replay: Dyzai vs. bartei</title>
<style>
html,body {font-family:Verdana, sans-serif;font-size:10pt;margin:0;padding:0;}body{padding:12px 0;} .battle-log {font-family:Verdana, sans-serif;font-size:10pt;} .battle-log-inline {border:1px solid #AAAAAA;background:#EEF2F5;color:black;max-width:640px;margin:0 auto 80px;padding-bottom:5px;} .battle-log .inner {padding:4px 8px 0px 8px;} .battle-log .inner-preempt {padding:0 8px 4px 8px;} .battle-log .inner-after {margin-top:0.5em;} .battle-log h2 {margin:0.5em -8px;padding:4px 8px;border:1px solid #AAAAAA;background:#E0E7EA;border-left:0;border-right:0;font-family:Verdana, sans-serif;font-size:13pt;} .battle-log .chat {vertical-align:middle;padding:3px 0 3px 0;font-size:8pt;} .battle-log .chat strong {color:#40576A;} .battle-log .chat em {padding:1px 4px 1px 3px;color:#000000;font-style:normal;} .chat.mine {background:rgba(0,0,0,0.05);margin-left:-8px;margin-right:-8px;padding-left:8px;padding-right:8px;} .spoiler {color:#BBBBBB;background:#BBBBBB;padding:0px 3px;} .spoiler:hover, .spoiler:active, .spoiler-shown {color:#000000;background:#E2E2E2;padding:0px 3px;} .spoiler a {color:#BBBBBB;} .spoiler:hover a, .spoiler:active a, .spoiler-shown a {color:#2288CC;} .chat code, .chat .spoiler:hover code, .chat .spoiler:active code, .chat .spoiler-shown code {border:1px solid #C0C0C0;background:#EEEEEE;color:black;padding:0 2px;} .chat .spoiler code {border:1px solid #CCCCCC;background:#CCCCCC;color:#CCCCCC;} .battle-log .rated {padding:3px 4px;} .battle-log .rated strong {color:white;background:#89A;padding:1px 4px;border-radius:4px;} .spacer {margin-top:0.5em;} .message-announce {background:#6688AA;color:white;padding:1px 4px 2px;} .message-announce a, .broadcast-green a, .broadcast-blue a, .broadcast-red a {color:#DDEEFF;} .broadcast-green {background-color:#559955;color:white;padding:2px 4px;} .broadcast-blue {background-color:#6688AA;color:white;padding:2px 4px;} .infobox {border:1px solid #6688AA;padding:2px 4px;} .infobox-limited {max-height:200px;overflow:auto;overflow-x:hidden;} .broadcast-red {background-color:#AA5544;color:white;padding:2px 4px;} .message-learn-canlearn {font-weight:bold;color:#228822;text-decoration:underline;} .message-learn-cannotlearn {font-weight:bold;color:#CC2222;text-decoration:underline;} .message-effect-weak {font-weight:bold;color:#CC2222;} .message-effect-resist {font-weight:bold;color:#6688AA;} .message-effect-immune {font-weight:bold;color:#666666;} .message-learn-list {margin-top:0;margin-bottom:0;} .message-throttle-notice, .message-error {color:#992222;} .message-overflow, .chat small.message-overflow {font-size:0pt;} .message-overflow::before {font-size:9pt;content:'...';} .subtle {color:#3A4A66;}
</style>
<div class="wrapper replay-wrapper" style="max-width:1180px;margin:0 auto">
<input type="hidden" name="replayid" value="gen9anythinggoes-2073906084" />
<div class="battle"></div><div class="battle-log"></div><div class="replay-controls"></div><div class="replay-controls-2"></div>
<h1 style="font-weight:normal;text-align:center"><strong>[Gen 9] Anything Goes</strong><br /><a href="http://pokemonshowdown.com/users/dyzai" class="subtle" target="_blank">Dyzai</a> vs. <a href="http://pokemonshowdown.com/users/bartei" class="subtle" target="_blank">bartei</a></h1>
<script type="text/plain" class="battle-log-data">|j|☆Dyzai

|j|☆bartei
|t:|1709641442
|gametype|singles
|player|p1|Dyzai|265|1355
|player|p2|bartei|1|1239
|teamsize|p1|6
|teamsize|p2|6
|gen|9
|tier|[Gen 9] Anything Goes
|rated|
|rule|HP Percentage Mod: HP is shown in percentages
|rule|Endless Battle Clause: Forcing endless battles is banned
|clearpoke
|poke|p1|Rillaboom, M|
|poke|p1|Thundurus, M|
|poke|p1|Calyrex-Shadow|
|poke|p1|Zacian-*|
|poke|p1|Ditto|
|poke|p1|Koraidon|
|poke|p2|Calyrex-Shadow|
|poke|p2|Basculegion, M|
|poke|p2|Ribombee, M|
|poke|p2|Arceus|
|poke|p2|Deoxys-Attack|
|poke|p2|Arceus-Dark|
|teampreview
|inactive|Battle timer is ON: inactive players will automatically lose when time's up. (requested by bartei)
|inactive|Time left: 150 sec this turn | 150 sec total | 60 sec grace
|inactive|bartei has 120 seconds left.
|
|t:|1709641479
|start
|switch|p1a: Rillaboom|Rillaboom, M, shiny|402\/402
|switch|p2a: Ribombee|Ribombee, M|100\/100
|-fieldstart|move: Grassy Terrain|[from] ability: Grassy Surge|[of] p1a: Rillaboom
|turn|1
|inactive|Time left: 150 sec this turn | 150 sec total
|
|t:|1709641486
|move|p1a: Rillaboom|Fake Out|p2a: Ribombee
|-damage|p2a: Ribombee|70\/100
|cant|p2a: Ribombee|flinch
|
|-heal|p2a: Ribombee|76\/100|[from] Grassy Terrain
|upkeep
|turn|2
|inactive|Time left: 150 sec this turn | 150 sec total
|
|t:|1709641494
|move|p1a: Rillaboom|Protect|p1a: Rillaboom
|-singleturn|p1a: Rillaboom|Protect
|move|p2a: Ribombee|Sticky Web|p1a: Rillaboom
|-sidestart|p1: Dyzai|move: Sticky Web
|
|-heal|p2a: Ribombee|82\/100|[from] Grassy Terrain
|upkeep
|turn|3
|inactive|Time left: 150 sec this turn | 150 sec total
|
|t:|1709641499
|move|p2a: Ribombee|Moonblast|p1a: Rillaboom
|-damage|p1a: Rillaboom|210\/402
|move|p1a: Rillaboom|U-turn|p2a: Ribombee
|-resisted|p2a: Ribombee
|-damage|p2a: Ribombee|58\/100
|inactive|Time left: 150 sec this turn | 150 sec total
|
|t:|1709641508
|switch|p1a: Zacian|Zacian-Crowned, shiny|370\/370|[from] U-turn
|-activate|p1a: Zacian|move: Sticky Web
|-unboost|p1a: Zacian|spe|1
|-ability|p1a: Zacian|Intrepid Sword|boost
|-boost|p1a: Zacian|atk|1
|
|-heal|p2a: Ribombee|64\/100|[from] Grassy Terrain
|upkeep
|turn|4
|inactive|Time left: 150 sec this turn | 150 sec total
|
|t:|1709641516
|move|p2a: Ribombee|Stun Spore|p1a: Zacian
|-status|p1a: Zacian|par
|move|p1a: Zacian|Behemoth Blade|p2a: Ribombee
|-supereffective|p2a: Ribombee
|-damage|p2a: Ribombee|0 fnt
|faint|p2a: Ribombee
|
|upkeep
|inactive|Time left: 150 sec this turn | 150 sec total
|
|t:|1709641526
|switch|p2a: Calyrex|Calyrex-Shadow|100\/100
|-ability|p2a: Calyrex|As One
|-ability|p2a: Calyrex|Unnerve
|turn|5
|inactive|Time left: 150 sec this turn | 150 sec total
|
|t:|1709641541
|move|p2a: Calyrex|Astral Barrage|p1a: Zacian
|-damage|p1a: Zacian|160\/370 par
|move|p1a: Zacian|Play Rough|p2a: Calyrex
|-damage|p2a: Calyrex|2\/100
|
|-heal|p2a: Calyrex|8\/100|[from] Grassy Terrain
|-heal|p1a: Zacian|183\/370 par|[from] Grassy Terrain
|-fieldend|move: Grassy Terrain
|upkeep
|turn|6
|inactive|Time left: 150 sec this turn | 150 sec total
|
|t:|1709641551
|move|p2a: Calyrex|Astral Barrage|p1a: Zacian
|-damage|p1a: Zacian|0 fnt
|faint|p1a: Zacian
|-ability|p2a: Calyrex|Grim Neigh|boost
|-boost|p2a: Calyrex|spa|1
|
|upkeep
|inactive|Time left: 145 sec this turn | 145 sec total
|
|t:|1709641557
|switch|p1a: Ditto|Ditto, shiny|300\/300
|-activate|p1a: Ditto|move: Sticky Web
|-unboost|p1a: Ditto|spe|1
|-transform|p1a: Ditto|p2a: Calyrex|[from] ability: Imposter
|turn|7
|inactive|Time left: 150 sec this turn | 150 sec total
|
|t:|1709641578
|switch|p2a: Arceus|Arceus-Dark, shiny|100\/100
|-terastallize|p1a: Ditto|Ground
|move|p1a: Ditto|Grass Knot|p2a: Arceus
|-damage|p2a: Arceus|55\/100
|
|upkeep
|turn|8
|inactive|Time left: 140 sec this turn | 140 sec total
|
|t:|1709641586
|move|p1a: Ditto|Grass Knot|p2a: Arceus
|-damage|p2a: Arceus|3\/100
|move|p2a: Arceus|Recover|p2a: Arceus
|-heal|p2a: Arceus|53\/100
|
|upkeep
|turn|9
|inactive|Time left: 145 sec this turn | 145 sec total
|
|t:|1709641596
|move|p1a: Ditto|Grass Knot|p2a: Arceus
|-damage|p2a: Arceus|5\/100
|move|p2a: Arceus|Recover|p2a: Arceus
|-heal|p2a: Arceus|55\/100
|
|upkeep
|turn|10
|inactive|Time left: 150 sec this turn | 150 sec total
|
|t:|1709641615
|move|p1a: Ditto|Grass Knot|p2a: Arceus
|-damage|p2a: Arceus|10\/100
|move|p2a: Arceus|Recover|p2a: Arceus
|-heal|p2a: Arceus|60\/100
|
|upkeep
|turn|11
|inactive|Time left: 145 sec this turn | 145 sec total
|
|t:|1709641620
|move|p1a: Ditto|Grass Knot|p2a: Arceus
|-damage|p2a: Arceus|9\/100
|move|p2a: Arceus|Recover|p2a: Arceus
|-heal|p2a: Arceus|59\/100
|
|upkeep
|turn|12
|inactive|Time left: 150 sec this turn | 150 sec total
|
|t:|1709641634
|switch|p1a: Thundurus|Thundurus, M, shiny|326\/326
|move|p2a: Arceus|Calm Mind|p2a: Arceus
|-boost|p2a: Arceus|spa|1
|-boost|p2a: Arceus|spd|1
|
|upkeep
|turn|13
|inactive|Time left: 150 sec this turn | 150 sec total
|
|t:|1709641656
|move|p2a: Arceus|Taunt|p1a: Thundurus
|-start|p1a: Thundurus|move: Taunt
|move|p1a: Thundurus|Thunder Punch|p2a: Arceus
|-damage|p2a: Arceus|34\/100
|
|upkeep
|turn|14
|inactive|Time left: 140 sec this turn | 140 sec total
|
|t:|1709641662
|move|p2a: Arceus|Recover|p2a: Arceus
|-heal|p2a: Arceus|84\/100
|move|p1a: Thundurus|Crunch|p2a: Arceus
|-resisted|p2a: Arceus
|-crit|p2a: Arceus
|-damage|p2a: Arceus|69\/100
|
|upkeep
|turn|15
|inactive|Time left: 145 sec this turn | 145 sec total
|
|t:|1709641682
|switch|p1a: Ditto|Ditto, shiny, tera:Ground|300\/300
|-activate|p1a: Ditto|move: Sticky Web
|-unboost|p1a: Ditto|spe|1
|-transform|p1a: Ditto|p2a: Arceus|[from] ability: Imposter
|move|p2a: Arceus|Judgment|p1a: Ditto
|-damage|p1a: Ditto|146\/300
|
|upkeep
|turn|16
|inactive|Time left: 135 sec this turn | 135 sec total
|inactive|Dyzai has 120 seconds left.
|
|t:|1709641700
|move|p1a: Ditto|Recover|p1a: Ditto
|-heal|p1a: Ditto|296\/300
|move|p2a: Arceus|Taunt|p1a: Ditto
|-start|p1a: Ditto|move: Taunt
|
|upkeep
|turn|17
|inactive|Time left: 130 sec this turn | 130 sec total
|
|t:|1709641706
|switch|p1a: Rillaboom|Rillaboom, M, shiny|210\/402
|-activate|p1a: Rillaboom|move: Sticky Web
|-unboost|p1a: Rillaboom|spe|1
|-fieldstart|move: Grassy Terrain|[from] ability: Grassy Surge|[of] p1a: Rillaboom
|move|p2a: Arceus|Calm Mind|p2a: Arceus
|-boost|p2a: Arceus|spa|1
|-boost|p2a: Arceus|spd|1
|
|-heal|p2a: Arceus|75\/100|[from] Grassy Terrain
|-heal|p1a: Rillaboom|235\/402|[from] Grassy Terrain
|upkeep
|turn|18
|inactive|Time left: 135 sec this turn | 135 sec total
|
|t:|1709641718
|move|p1a: Rillaboom|Fake Out|p2a: Arceus
|-damage|p2a: Arceus|66\/100
|cant|p2a: Arceus|flinch
|
|-heal|p2a: Arceus|72\/100|[from] Grassy Terrain
|-heal|p1a: Rillaboom|260\/402|[from] Grassy Terrain
|upkeep
|turn|19
|inactive|Time left: 135 sec this turn | 135 sec total
|
|t:|1709641725
|move|p1a: Rillaboom|Grassy Glide|p2a: Arceus
|-damage|p2a: Arceus|38\/100
|move|p2a: Arceus|Judgment|p1a: Rillaboom
|-damage|p1a: Rillaboom|0 fnt
|faint|p1a: Rillaboom
|
|-heal|p2a: Arceus|44\/100|[from] Grassy Terrain
|upkeep
|inactive|Time left: 135 sec this turn | 135 sec total
|
|t:|1709641735
|switch|p1a: Koraidon|Koraidon|366\/366
|-activate|p1a: Koraidon|move: Sticky Web
|-unboost|p1a: Koraidon|spe|1
|-weather|SunnyDay|[from] ability: Orichalcum Pulse|[of] p1a: Koraidon
|-activate|p1a: Koraidon|Orichalcum Pulse|[source]
|turn|20
|inactive|Time left: 135 sec this turn | 135 sec total
|inactive|Dyzai has 120 seconds left.
|inactive|bartei has 120 seconds left.
|
|t:|1709641768
|-terastallize|p2a: Arceus|Fairy
|move|p2a: Arceus|Recover|p2a: Arceus
|-heal|p2a: Arceus|94\/100
|move|p1a: Koraidon|Dragon Claw|p2a: Arceus
|-immune|p2a: Arceus
|
|-weather|SunnyDay|[upkeep]
|-heal|p2a: Arceus|100\/100|[from] Grassy Terrain
|upkeep
|turn|21
|inactive|Time left: 130 sec this turn | 130 sec total
|inactive|Dyzai has 120 seconds left.
|
|t:|1709641785
|move|p2a: Arceus|Calm Mind|p2a: Arceus
|-boost|p2a: Arceus|spa|1
|-boost|p2a: Arceus|spd|1
|move|p1a: Koraidon|Heat Crash|p2a: Arceus
|-damage|p2a: Arceus|84\/100
|
|-weather|SunnyDay|[upkeep]
|-heal|p2a: Arceus|90\/100|[from] Grassy Terrain
|-fieldend|move: Grassy Terrain
|upkeep
|turn|22
|inactive|Time left: 125 sec this turn | 125 sec total
|inactive|Dyzai has 120 seconds left.
|
|t:|1709641794
|move|p2a: Arceus|Judgment|p1a: Koraidon
|-resisted|p1a: Koraidon
|-crit|p1a: Koraidon
|-damage|p1a: Koraidon|93\/366
|move|p1a: Koraidon|U-turn|p2a: Arceus
|-resisted|p2a: Arceus
|-damage|p2a: Arceus|79\/100
|inactive|Time left: 125 sec this turn | 125 sec total
|inactive|Dyzai has 120 seconds left.
|
|t:|1709641802
|switch|p1a: Ditto|Ditto, shiny, tera:Ground|296\/300|[from] U-turn
|-activate|p1a: Ditto|move: Sticky Web
|-unboost|p1a: Ditto|spe|1
|-transform|p1a: Ditto|p2a: Arceus|[from] ability: Imposter
|
|-weather|SunnyDay|[upkeep]
|upkeep
|turn|23
|inactive|Time left: 130 sec this turn | 130 sec total
|
|t:|1709641810
|move|p1a: Ditto|Judgment|p2a: Arceus
|-damage|p2a: Arceus|63\/100
|move|p2a: Arceus|Taunt|p1a: Ditto
|-start|p1a: Ditto|move: Taunt
|
|-weather|SunnyDay|[upkeep]
|upkeep
|turn|24
|inactive|Time left: 135 sec this turn | 135 sec total
|
|t:|1709641818
|move|p1a: Ditto|Judgment|p2a: Arceus
|-damage|p2a: Arceus|46\/100
|move|p2a: Arceus|Judgment|p1a: Ditto
|-damage|p1a: Ditto|155\/300
|
|-weather|none
|upkeep
|turn|25
|inactive|Time left: 140 sec this turn | 140 sec total
|
|t:|1709641824
|move|p1a: Ditto|Judgment|p2a: Arceus
|-damage|p2a: Arceus|28\/100
|move|p2a: Arceus|Recover|p2a: Arceus
|-heal|p2a: Arceus|78\/100
|
|upkeep
|turn|26
|inactive|Time left: 145 sec this turn | 145 sec total
|
|t:|1709641831
|switch|p1a: Thundurus|Thundurus, M, shiny|326\/326
|move|p2a: Arceus|Judgment|p1a: Thundurus
|-crit|p1a: Thundurus
|-damage|p1a: Thundurus|0 fnt
|faint|p1a: Thundurus
|
|upkeep
|inactive|Time left: 145 sec this turn | 145 sec total
|
|t:|1709641837
|switch|p1a: Calyrex|Calyrex-Shadow|342\/342
|-ability|p1a: Calyrex|As One
|-ability|p1a: Calyrex|Unnerve
|-activate|p1a: Calyrex|move: Sticky Web
|-unboost|p1a: Calyrex|spe|1
|turn|27
|inactive|Time left: 150 sec this turn | 150 sec total
|
|t:|1709641846
|move|p2a: Arceus|Judgment|p1a: Calyrex
|-supereffective|p1a: Calyrex
|-crit|p1a: Calyrex
|-enditem|p1a: Calyrex|Focus Sash
|-damage|p1a: Calyrex|1\/342
|move|p1a: Calyrex|Astral Barrage|p2a: Arceus
|-damage|p2a: Arceus|57\/100
|
|upkeep
|turn|28
|inactive|Time left: 150 sec this turn | 150 sec total
|
|t:|1709641857
|move|p1a: Calyrex|Protect|p1a: Calyrex
|-singleturn|p1a: Calyrex|Protect
|move|p2a: Arceus|Judgment|p1a: Calyrex
|-activate|p1a: Calyrex|move: Protect
|
|upkeep
|turn|29
|inactive|Time left: 150 sec this turn | 150 sec total
|
|t:|1709641865
|switch|p1a: Koraidon|Koraidon|93\/366
|-activate|p1a: Koraidon|move: Sticky Web
|-unboost|p1a: Koraidon|spe|1
|-weather|SunnyDay|[from] ability: Orichalcum Pulse|[of] p1a: Koraidon
|-activate|p1a: Koraidon|Orichalcum Pulse|[source]
|move|p2a: Arceus|Judgment|p1a: Koraidon
|-resisted|p1a: Koraidon
|-damage|p1a: Koraidon|0 fnt
|faint|p1a: Koraidon
|
|-weather|SunnyDay|[upkeep]
|upkeep
|inactive|Time left: 150 sec this turn | 150 sec total
|
|t:|1709641875
|switch|p1a: Calyrex|Calyrex-Shadow|1\/342
|-ability|p1a: Calyrex|As One
|-ability|p1a: Calyrex|Unnerve
|-activate|p1a: Calyrex|move: Sticky Web
|-unboost|p1a: Calyrex|spe|1
|turn|30
|inactive|Time left: 150 sec this turn | 150 sec total
|
|t:|1709641882
|move|p1a: Calyrex|Protect|p1a: Calyrex
|-singleturn|p1a: Calyrex|Protect
|move|p2a: Arceus|Judgment|p1a: Calyrex
|-activate|p1a: Calyrex|move: Protect
|
|-weather|SunnyDay|[upkeep]
|upkeep
|turn|31
|inactive|Time left: 150 sec this turn | 150 sec total
|
|t:|1709641891
|switch|p1a: Ditto|Ditto, shiny, tera:Ground|155\/300
|-activate|p1a: Ditto|move: Sticky Web
|-unboost|p1a: Ditto|spe|1
|-transform|p1a: Ditto|p2a: Arceus|[from] ability: Imposter
|move|p2a: Arceus|Judgment|p1a: Ditto
|-damage|p1a: Ditto|25\/300
|
|-weather|SunnyDay|[upkeep]
|upkeep
|turn|32
|inactive|Time left: 150 sec this turn | 150 sec total
|
|t:|1709641912
|move|p1a: Ditto|Recover|p1a: Ditto
|-heal|p1a: Ditto|175\/300
|move|p2a: Arceus|Recover|p2a: Arceus
|-heal|p2a: Arceus|100\/100
|
|-weather|SunnyDay|[upkeep]
|upkeep
|turn|33
|inactive|Time left: 140 sec this turn | 140 sec total
|
|t:|1709641919
|move|p1a: Ditto|Recover|p1a: Ditto
|-heal|p1a: Ditto|300\/300
|move|p2a: Arceus|Taunt|p1a: Ditto
|-start|p1a: Ditto|move: Taunt
|
|-weather|none
|upkeep
|turn|34
|inactive|Time left: 145 sec this turn | 145 sec total
|
|t:|1709641927
|switch|p1a: Calyrex|Calyrex-Shadow|1\/342
|-ability|p1a: Calyrex|As One
|-ability|p1a: Calyrex|Unnerve
|-activate|p1a: Calyrex|move: Sticky Web
|-unboost|p1a: Calyrex|spe|1
|move|p2a: Arceus|Judgment|p1a: Calyrex
|-supereffective|p1a: Calyrex
|-damage|p1a: Calyrex|0 fnt
|faint|p1a: Calyrex
|
|upkeep
|inactive|Time left: 145 sec this turn | 145 sec total
|c|☆Dyzai|how many pp you have if judgment are only 5
|
|t:|1709641946
|switch|p1a: Ditto|Ditto, shiny, tera:Ground|300\/300
|-activate|p1a: Ditto|move: Sticky Web
|-unboost|p1a: Ditto|spe|1
|-transform|p1a: Ditto|p2a: Arceus|[from] ability: Imposter
|turn|35
|inactive|Time left: 140 sec this turn | 140 sec total
|inactive|Dyzai has 120 seconds left.
|
|t:|1709641967
|move|p1a: Ditto|Judgment|p2a: Arceus
|-damage|p2a: Arceus|81\/100
|move|p2a: Arceus|Calm Mind|p2a: Arceus
|-boost|p2a: Arceus|spa|1
|-boost|p2a: Arceus|spd|1
|
|upkeep
|turn|36
|inactive|Time left: 130 sec this turn | 130 sec total
|c|☆bartei|it's 16
|
|t:|1709641973
|move|p1a: Ditto|Judgment|p2a: Arceus
|-damage|p2a: Arceus|66\/100
|move|p2a: Arceus|Judgment|p1a: Ditto
|-damage|p1a: Ditto|116\/300
|
|upkeep
|turn|37
|inactive|Time left: 135 sec this turn | 135 sec total
|
|t:|1709641982
|move|p1a: Ditto|Judgment|p2a: Arceus
|-damage|p2a: Arceus|51\/100
|move|p2a: Arceus|Judgment|p1a: Ditto
|-crit|p1a: Ditto
|-damage|p1a: Ditto|0 fnt
|faint|p1a: Ditto
|
|win|bartei
|inactive|Time left: 135 sec this turn | 135 sec total
|raw|Dyzai's rating: 1355 &rarr; <strong>1329<\/strong><br \/>(-26 for losing)
|raw|bartei's rating: 1239 &rarr; <strong>1272<\/strong><br \/>(+33 for winning)
|l|☆bartei
|player|p2|
|c|☆Dyzai|possible hacks</script>
</div>
<div class="battle-log battle-log-inline"><div class="inner"><div class="battle-options"><div style="padding-top: 3px; padding-right: 3px; text-align: right"><button class="icon button" name="openBattleOptions" title="Options">Battle Options</button></div></div><div class="inner message-log"><div class="chat"><small>☆Dyzai and ☆bartei joined</small></div><div class=""><small>Format:</small> <br><strong>[Gen 9] Anything Goes</strong></div><div class="rated"><strong>Rated battle</strong></div><div class=""><small><em>HP Percentage Mod:</em> HP is shown in percentages</small></div><div class=""><small><em>Endless Battle Clause:</em> Forcing endless battles is banned</small></div><div class="chat battle-history"><strong>Dyzai's team:</strong> <em style="color:#445566;display:block;">Rillaboom / Thundurus / Calyrex-Shadow / Zacian-* / Ditto / Koraidon</em></div><div class="chat battle-history"><strong>bartei's team:</strong> <em style="color:#445566;display:block;">Calyrex-Shadow / Basculegion / Ribombee / Arceus / Deoxys-Attack / Arceus-Dark</em></div><div class="chat message-error">Battle timer is ON: inactive players will automatically lose when time's up. (requested by bartei)</div><div class="chat message-error">bartei has 120 seconds left.</div><div class="spacer battle-history"><br></div><div class="battle-history">Battle started between Dyzai and bartei!<br></div><div class="spacer battle-history"><br></div><div class="battle-history">Go! <strong>Rillaboom</strong>!<br></div><div class="spacer battle-history"><br></div><div class="battle-history">bartei sent out <strong>Ribombee</strong>!<br></div><div class="battle-history">[Rillaboom's Grassy Surge]<br><small>Grass grew to cover the battlefield!</small><br></div><div class="spacer battle-history"><br></div><h2 class="battle-history">Turn 1</h2><div class="spacer battle-history"><br></div><div class="battle-history">Rillaboom used <strong>Fake Out</strong>!<br></div><div class="battle-history"><small>(The opposing Ribombee lost 30% of its health!)</small><br></div><div class="spacer battle-history"><br></div><div class="battle-history">The opposing Ribombee flinched and couldn't move!<br></div><div class="spacer battle-history"><br></div><div class="battle-history"><small>The opposing Ribombee's HP was restored.</small><br></div><div class="spacer battle-history"><br></div><h2 class="battle-history">Turn 2</h2><div class="spacer battle-history"><br></div><div class="battle-history">Rillaboom used <strong>Protect</strong>!<br></div><div class="battle-history"><small>Rillaboom protected itself!</small><br></div><div class="spacer battle-history"><br></div><div class="battle-history">The opposing Ribombee used <strong>Sticky Web</strong>!<br></div><div class="battle-history"><small>A sticky web has been laid out on the ground around your team!</small><br></div><div class="spacer battle-history"><br></div><div class="battle-history"><small>The opposing Ribombee's HP was restored.</small><br></div><div class="spacer battle-history"><br></div><h2 class="battle-history">Turn 3</h2><div class="spacer battle-history"><br></div><div class="battle-history">The opposing Ribombee used <strong>Moonblast</strong>!<br></div><div class="battle-history"><small>(Rillaboom lost <abbr title="−192/402">47.8%</abbr> of its health!)</small><br></div><div class="spacer battle-history"><br></div><div class="battle-history">Rillaboom used <strong>U-turn</strong>!<br></div><div class="battle-history"><small>It's not very effective...</small><br></div><div class="battle-history"><small>(The opposing Ribombee lost 24% of its health!)</small><br></div><div class="spacer battle-history"><br></div><div class="battle-history">Rillaboom went back to Dyzai!<br></div><div class="battle-history">Go! Zacian (<strong>Zacian-Crowned</strong>)!<br></div><div class="battle-history"><small>Zacian was caught in a sticky web!</small><br></div><div class="battle-history"><small>Zacian's Speed fell!</small><br></div><div class="battle-history">[Zacian's Intrepid Sword]<br></div><div class="battle-history"><small>Zacian's Attack rose!</small><br></div><div class="spacer battle-history"><br></div><div class="battle-history"><small>The opposing Ribombee's HP was restored.</small><br></div><div class="spacer battle-history"><br></div><h2 class="battle-history">Turn 4</h2><div class="spacer battle-history"><br></div><div class="battle-history">The opposing Ribombee used <strong>Stun Spore</strong>!<br></div><div class="battle-history"><small>Zacian is paralyzed! It may be unable to move!</small><br></div><div class="spacer battle-history"><br></div><div class="battle-history">Zacian used <strong>Behemoth Blade</strong>!<br></div><div class="battle-history"><small>It's super effective!</small><br></div><div class="battle-history"><small>(The opposing Ribombee lost 64% of its health!)</small><br></div><div class="spacer battle-history"><br></div><div class="battle-history">The opposing Ribombee fainted!<br></div><div class="spacer battle-history"><br></div><div class="battle-history">bartei sent out Calyrex (<strong>Calyrex-Shadow</strong>)!<br></div><div class="battle-history">[The opposing Calyrex's As One]<br><small>The opposing Calyrex has two Abilities!</small><br></div><div class="battle-history">[The opposing Calyrex's Unnerve]<br><small>Your team is too nervous to eat Berries!</small><br></div><div class="spacer battle-history"><br></div><h2 class="battle-history">Turn 5</h2><div class="spacer battle-history"><br></div><div class="battle-history">The opposing Calyrex used <strong>Astral Barrage</strong>!<br></div><div class="battle-history"><small>(Zacian lost <abbr title="−210/370">56.8%</abbr> of its health!)</small><br></div><div class="spacer battle-history"><br></div><div class="battle-history">Zacian used <strong>Play Rough</strong>!<br></div><div class="battle-history"><small>(The opposing Calyrex lost 98% of its health!)</small><br></div><div class="spacer battle-history"><br></div><div class="battle-history"><small>The opposing Calyrex's HP was restored.</small><br></div><div class="battle-history"><small>Zacian's HP was restored.</small><br></div><div class="battle-history"><small>The grass disappeared from the battlefield.</small><br></div><div class="spacer battle-history"><br></div><h2 class="battle-history">Turn 6</h2><div class="spacer battle-history"><br></div><div class="battle-history">The opposing Calyrex used <strong>Astral Barrage</strong>!<br></div><div class="battle-history"><small>(Zacian lost <abbr title="−183/370">49.5%</abbr> of its health!)</small><br></div><div class="spacer battle-history"><br></div><div class="battle-history">Zacian fainted!<br></div><div class="battle-history">[The opposing Calyrex's Grim Neigh]<br></div><div class="battle-history"><small>The opposing Calyrex's Sp. Atk rose!</small><br></div><div class="spacer battle-history"><br></div><div class="battle-history">Go! <strong>Ditto</strong>!<br></div><div class="battle-history"><small>Ditto was caught in a sticky web!</small><br></div><div class="battle-history"><small>Ditto's Speed fell!</small><br></div><div class="battle-history">[Ditto's Imposter]<br>Ditto transformed into Calyrex-Shadow!<br></div><div class="spacer battle-history"><br></div><h2 class="battle-history">Turn 7</h2><div class="spacer battle-history"><br></div><div class="battle-history">bartei withdrew Calyrex!<br></div><div class="battle-history">bartei sent out Arceus (<strong>Arceus-Dark</strong>)!<br></div><div class="spacer battle-history"><br></div><div class="battle-history"><small>Ditto has Terastallized into the Ground-type!</small><br></div><div class="spacer battle-history"><br></div><div class="battle-history">Ditto used <strong>Grass Knot</strong>!<br></div><div class="battle-history"><small>(The opposing Arceus lost 45% of its health!)</small><br></div><div class="spacer battle-history"><br></div><h2 class="battle-history">Turn 8</h2><div class="spacer battle-history"><br></div><div class="battle-history">Ditto used <strong>Grass Knot</strong>!<br></div><div class="battle-history"><small>(The opposing Arceus lost 52% of its health!)</small><br></div><div class="spacer battle-history"><br></div><div class="battle-history">The opposing Arceus used <strong>Recover</strong>!<br></div><div class="battle-history"><small>The opposing Arceus had its HP restored.</small><br></div><div class="spacer battle-history"><br></div><h2 class="battle-history">Turn 9</h2><div class="spacer battle-history"><br></div><div class="battle-history">Ditto used <strong>Grass Knot</strong>!<br></div><div class="battle-history"><small>(The opposing Arceus lost 48% of its health!)</small><br></div><div class="spacer battle-history"><br></div><div class="battle-history">The opposing Arceus used <strong>Recover</strong>!<br></div><div class="battle-history"><small>The opposing Arceus had its HP restored.</small><br></div><div class="spacer battle-history"><br></div><h2 class="battle-history">Turn 10</h2><div class="spacer battle-history"><br></div><div class="battle-history">Ditto used <strong>Grass Knot</strong>!<br></div><div class="battle-history"><small>(The opposing Arceus lost 45% of its health!)</small><br></div><div class="spacer battle-history"><br></div><div class="battle-history">The opposing Arceus used <strong>Recover</strong>!<br></div><div class="battle-history"><small>The opposing Arceus had its HP restored.</small><br></div><div class="spacer battle-history"><br></div><h2 class="battle-history">Turn 11</h2><div class="spacer battle-history"><br></div><div class="battle-history">Ditto used <strong>Grass Knot</strong>!<br></div><div class="battle-history"><small>(The opposing Arceus lost 51% of its health!)</small><br></div><div class="spacer battle-history"><br></div><div class="battle-history">The opposing Arceus used <strong>Recover</strong>!<br></div><div class="battle-history"><small>The opposing Arceus had its HP restored.</small><br></div><div class="spacer battle-history"><br></div><h2 class="battle-history">Turn 12</h2><div class="spacer battle-history"><br></div><div class="battle-history">Ditto, come back!<br></div><div class="battle-history">Go! <strong>Thundurus</strong>!<br></div><div class="spacer battle-history"><br></div><div class="battle-history">The opposing Arceus used <strong>Calm Mind</strong>!<br></div><div class="battle-history"><small>The opposing Arceus's Sp. Atk rose!</small><br></div><div class="battle-history"><small>The opposing Arceus's Sp. Def rose!</small><br></div><div class="spacer battle-history"><br></div><h2 class="battle-history">Turn 13</h2><div class="spacer battle-history"><br></div><div class="battle-history">The opposing Arceus used <strong>Taunt</strong>!<br></div><div class="battle-history"><small>Thundurus fell for the taunt!</small><br></div><div class="spacer battle-history"><br></div><div class="battle-history">Thundurus used <strong>Thunder Punch</strong>!<br></div><div class="battle-history"><small>(The opposing Arceus lost 25% of its health!)</small><br></div><div class="spacer battle-history"><br></div><h2 class="battle-history">Turn 14</h2><div class="spacer battle-history"><br></div><div class="battle-history">The opposing Arceus used <strong>Recover</strong>!<br></div><div class="battle-history"><small>The opposing Arceus had its HP restored.</small><br></div><div class="spacer battle-history"><br></div><div class="battle-history">Thundurus used <strong>Crunch</strong>!<br></div><div class="battle-history"><small>It's not very effective...</small><br></div><div class="battle-history"><small>A critical hit!</small><br></div><div class="battle-history"><small>(The opposing Arceus lost 15% of its health!)</small><br></div><div class="spacer battle-history"><br></div><h2 class="battle-history">Turn 15</h2><div class="spacer battle-history"><br></div><div class="battle-history">Thundurus, come back!<br></div><div class="battle-history">Go! <strong>Ditto</strong>!<br></div><div class="battle-history"><small>Ditto was caught in a sticky web!</small><br></div><div class="battle-history"><small>Ditto's Speed fell!</small><br></div><div class="battle-history">[Ditto's Imposter]<br>Ditto transformed into Arceus-Dark!<br></div><div class="spacer battle-history"><br></div><div class="battle-history">The opposing Arceus used <strong>Judgment</strong>!<br></div><div class="battle-history"><small>(Ditto lost <abbr title="−154/300">51.3%</abbr> of its health!)</small><br></div><div class="spacer battle-history"><br></div><h2 class="battle-history">Turn 16</h2><div class="chat message-error">Dyzai has 120 seconds left.</div><div class="spacer battle-history"><br></div><div class="battle-history">Ditto used <strong>Recover</strong>!<br></div><div class="battle-history"><small>Ditto had its HP restored.</small><br></div><div class="spacer battle-history"><br></div><div class="battle-history">The opposing Arceus used <strong>Taunt</strong>!<br></div><div class="battle-history"><small>Ditto fell for the taunt!</small><br></div><div class="spacer battle-history"><br></div><h2 class="battle-history">Turn 17</h2><div class="spacer battle-history"><br></div><div class="battle-history">Ditto, come back!<br></div><div class="battle-history">Go! <strong>Rillaboom</strong>!<br></div><div class="battle-history"><small>Rillaboom was caught in a sticky web!</small><br></div><div class="battle-history"><small>Rillaboom's Speed fell!</small><br></div><div class="battle-history">[Rillaboom's Grassy Surge]<br><small>Grass grew to cover the battlefield!</small><br></div><div class="spacer battle-history"><br></div><div class="battle-history">The opposing Arceus used <strong>Calm Mind</strong>!<br></div><div class="battle-history"><small>The opposing Arceus's Sp. Atk rose!</small><br></div><div class="battle-history"><small>The opposing Arceus's Sp. Def rose!</small><br></div><div class="spacer battle-history"><br></div><div class="battle-history"><small>The opposing Arceus's HP was restored.</small><br></div><div class="battle-history"><small>Rillaboom's HP was restored.</small><br></div><div class="spacer battle-history"><br></div><h2 class="battle-history">Turn 18</h2><div class="spacer battle-history"><br></div><div class="battle-history">Rillaboom used <strong>Fake Out</strong>!<br></div><div class="battle-history"><small>(The opposing Arceus lost 9% of its health!)</small><br></div><div class="spacer battle-history"><br></div><div class="battle-history">The opposing Arceus flinched and couldn't move!<br></div><div class="spacer battle-history"><br></div><div class="battle-history"><small>The opposing Arceus's HP was restored.</small><br></div><div class="battle-history"><small>Rillaboom's HP was restored.</small><br></div><div class="spacer battle-history"><br></div><h2 class="battle-history">Turn 19</h2><div class="spacer battle-history"><br></div><div class="battle-history">Rillaboom used <strong>Grassy Glide</strong>!<br></div><div class="battle-history"><small>(The opposing Arceus lost 34% of its health!)</small><br></div><div class="spacer battle-history"><br></div><div class="battle-history">The opposing Arceus used <strong>Judgment</strong>!<br></div><div class="battle-history"><small>(Rillaboom lost <abbr title="−260/402">64.7%</abbr> of its health!)</small><br></div><div class="spacer battle-history"><br></div><div class="battle-history">Rillaboom fainted!<br></div><div class="spacer battle-history"><br></div><div class="battle-history"><small>The opposing Arceus's HP was restored.</small><br></div><div class="spacer battle-history"><br></div><div class="battle-history">Go! <strong>Koraidon</strong>!<br></div><div class="battle-history"><small>Koraidon was caught in a sticky web!</small><br></div><div class="battle-history"><small>Koraidon's Speed fell!</small><br></div><div class="battle-history">[Koraidon's Orichalcum Pulse]<br><small>The sunlight turned harsh!</small><br></div><div class="battle-history"><small>Koraidon turned the sunlight harsh, sending its ancient pulse into a frenzy!</small><br></div><div class="spacer battle-history"><br></div><h2 class="battle-history">Turn 20</h2><div class="chat message-error">Dyzai has 120 seconds left.</div><div class="chat message-error">bartei has 120 seconds left.</div><div class="spacer battle-history"><br></div><div class="battle-history"><small>The opposing Arceus has Terastallized into the Fairy-type!</small><br></div><div class="spacer battle-history"><br></div><div class="battle-history">The opposing Arceus used <strong>Recover</strong>!<br></div><div class="battle-history"><small>The opposing Arceus had its HP restored.</small><br></div><div class="spacer battle-history"><br></div><div class="battle-history">Koraidon used <strong>Dragon Claw</strong>!<br></div><div class="battle-history"><small>It doesn't affect the opposing Arceus...</small><br></div><div class="spacer battle-history"><br></div><div class="battle-history"><small>(The sunlight is strong.)</small><br></div><div class="battle-history"><small>The opposing Arceus's HP was restored.</small><br></div><div class="spacer battle-history"><br></div><h2 class="battle-history">Turn 21</h2><div class="chat message-error">Dyzai has 120 seconds left.</div><div class="spacer battle-history"><br></div><div class="battle-history">The opposing Arceus used <strong>Calm Mind</strong>!<br></div><div class="battle-history"><small>The opposing Arceus's Sp. Atk rose!</small><br></div><div class="battle-history"><small>The opposing Arceus's Sp. Def rose!</small><br></div><div class="spacer battle-history"><br></div><div class="battle-history">Koraidon used <strong>Heat Crash</strong>!<br></div><div class="battle-history"><small>(The opposing Arceus lost 16% of its health!)</small><br></div><div class="spacer battle-history"><br></div><div class="battle-history"><small>(The sunlight is strong.)</small><br></div><div class="battle-history"><small>The opposing Arceus's HP was restored.</small><br></div><div class="battle-history"><small>The grass disappeared from the battlefield.</small><br></div><div class="spacer battle-history"><br></div><h2 class="battle-history">Turn 22</h2><div class="chat message-error">Dyzai has 120 seconds left.</div><div class="spacer battle-history"><br></div><div class="battle-history">The opposing Arceus used <strong>Judgment</strong>!<br></div><div class="battle-history"><small>It's not very effective...</small><br></div><div class="battle-history"><small>A critical hit!</small><br></div><div class="battle-history"><small>(Koraidon lost <abbr title="−273/366">74.6%</abbr> of its health!)</small><br></div><div class="spacer battle-history"><br></div><div class="battle-history">Koraidon used <strong>U-turn</strong>!<br></div><div class="battle-history"><small>It's not very effective...</small><br></div><div class="battle-history"><small>(The opposing Arceus lost 11% of its health!)</small><br></div><div class="chat message-error">Dyzai has 120 seconds left.</div><div class="spacer battle-history"><br></div><div class="battle-history">Koraidon went back to Dyzai!<br></div><div class="battle-history">Go! <strong>Ditto</strong>!<br></div><div class="battle-history"><small>Ditto was caught in a sticky web!</small><br></div><div class="battle-history"><small>Ditto's Speed fell!</small><br></div><div class="battle-history">[Ditto's Imposter]<br>Ditto transformed into Arceus-Dark!<br></div><div class="spacer battle-history"><br></div><div class="battle-history"><small>(The sunlight is strong.)</small><br></div><div class="spacer battle-history"><br></div><h2 class="battle-history">Turn 23</h2><div class="spacer battle-history"><br></div><div class="battle-history">Ditto used <strong>Judgment</strong>!<br></div><div class="battle-history"><small>(The opposing Arceus lost 16% of its health!)</small><br></div><div class="spacer battle-history"><br></div><div class="battle-history">The opposing Arceus used <strong>Taunt</strong>!<br></div><div class="battle-history"><small>Ditto fell for the taunt!</small><br></div><div class="spacer battle-history"><br></div><div class="battle-history"><small>(The sunlight is strong.)</small><br></div><div class="spacer battle-history"><br></div><h2 class="battle-history">Turn 24</h2><div class="spacer battle-history"><br></div><div class="battle-history">Ditto used <strong>Judgment</strong>!<br></div><div class="battle-history"><small>(The opposing Arceus lost 17% of its health!)</small><br></div><div class="spacer battle-history"><br></div><div class="battle-history">The opposing Arceus used <strong>Judgment</strong>!<br></div><div class="battle-history"><small>(Ditto lost <abbr title="−141/300">47%</abbr> of its health!)</small><br></div><div class="spacer battle-history"><br></div><div class="battle-history"><small>The harsh sunlight faded.</small><br></div><div class="spacer battle-history"><br></div><h2 class="battle-history">Turn 25</h2><div class="spacer battle-history"><br></div><div class="battle-history">Ditto used <strong>Judgment</strong>!<br></div><div class="battle-history"><small>(The opposing Arceus lost 18% of its health!)</small><br></div><div class="spacer battle-history"><br></div><div class="battle-history">The opposing Arceus used <strong>Recover</strong>!<br></div><div class="battle-history"><small>The opposing Arceus had its HP restored.</small><br></div><div class="spacer battle-history"><br></div><h2 class="battle-history">Turn 26</h2><div class="spacer battle-history"><br></div><div class="battle-history">Ditto, come back!<br></div><div class="battle-history">Go! <strong>Thundurus</strong>!<br></div><div class="spacer battle-history"><br></div><div class="battle-history">The opposing Arceus used <strong>Judgment</strong>!<br></div><div class="battle-history"><small>A critical hit!</small><br></div><div class="battle-history"><small>(Thundurus lost <abbr title="−326/326">100%</abbr> of its health!)</small><br></div><div class="spacer battle-history"><br></div><div class="battle-history">Thundurus fainted!<br></div><div class="spacer battle-history"><br></div><div class="battle-history">Go! Calyrex (<strong>Calyrex-Shadow</strong>)!<br></div><div class="battle-history">[Calyrex's As One]<br><small>Calyrex has two Abilities!</small><br></div><div class="battle-history">[Calyrex's Unnerve]<br><small>The opposing team is too nervous to eat Berries!</small><br></div><div class="battle-history"><small>Calyrex was caught in a sticky web!</small><br></div><div class="battle-history"><small>Calyrex's Speed fell!</small><br></div><div class="spacer battle-history"><br></div><h2 class="battle-history">Turn 27</h2><div class="spacer battle-history"><br></div><div class="battle-history">The opposing Arceus used <strong>Judgment</strong>!<br></div><div class="battle-history"><small>It's super effective!</small><br></div><div class="battle-history"><small>A critical hit!</small><br></div><div class="battle-history"><small>Calyrex hung on using its Focus Sash!</small><br></div><div class="battle-history"><small>(Calyrex lost <abbr title="−341/342">99.7%</abbr> of its health!)</small><br></div><div class="spacer battle-history"><br></div><div class="battle-history">Calyrex used <strong>Astral Barrage</strong>!<br></div><div class="battle-history"><small>(The opposing Arceus lost 21% of its health!)</small><br></div><div class="spacer battle-history"><br></div><h2 class="battle-history">Turn 28</h2><div class="spacer battle-history"><br></div><div class="battle-history">Calyrex used <strong>Protect</strong>!<br></div><div class="battle-history"><small>Calyrex protected itself!</small><br></div><div class="spacer battle-history"><br></div><div class="battle-history">The opposing Arceus used <strong>Judgment</strong>!<br></div><div class="battle-history"><small>Calyrex protected itself!</small><br></div><div class="spacer battle-history"><br></div><h2 class="battle-history">Turn 29</h2><div class="spacer battle-history"><br></div><div class="battle-history">Calyrex, come back!<br></div><div class="battle-history">Go! <strong>Koraidon</strong>!<br></div><div class="battle-history"><small>Koraidon was caught in a sticky web!</small><br></div><div class="battle-history"><small>Koraidon's Speed fell!</small><br></div><div class="battle-history">[Koraidon's Orichalcum Pulse]<br><small>The sunlight turned harsh!</small><br></div><div class="battle-history"><small>Koraidon turned the sunlight harsh, sending its ancient pulse into a frenzy!</small><br></div><div class="spacer battle-history"><br></div><div class="battle-history">The opposing Arceus used <strong>Judgment</strong>!<br></div><div class="battle-history"><small>It's not very effective...</small><br></div><div class="battle-history"><small>(Koraidon lost <abbr title="−93/366">25.4%</abbr> of its health!)</small><br></div><div class="spacer battle-history"><br></div><div class="battle-history">Koraidon fainted!<br></div><div class="spacer battle-history"><br></div><div class="battle-history"><small>(The sunlight is strong.)</small><br></div><div class="spacer battle-history"><br></div><div class="battle-history">Go! Calyrex (<strong>Calyrex-Shadow</strong>)!<br></div><div class="battle-history">[Calyrex's As One]<br><small>Calyrex has two Abilities!</small><br></div><div class="battle-history">[Calyrex's Unnerve]<br><small>The opposing team is too nervous to eat Berries!</small><br></div><div class="battle-history"><small>Calyrex was caught in a sticky web!</small><br></div><div class="battle-history"><small>Calyrex's Speed fell!</small><br></div><div class="spacer battle-history"><br></div><h2 class="battle-history">Turn 30</h2><div class="spacer battle-history"><br></div><div class="battle-history">Calyrex used <strong>Protect</strong>!<br></div><div class="battle-history"><small>Calyrex protected itself!</small><br></div><div class="spacer battle-history"><br></div><div class="battle-history">The opposing Arceus used <strong>Judgment</strong>!<br></div><div class="battle-history"><small>Calyrex protected itself!</small><br></div><div class="spacer battle-history"><br></div><div class="battle-history"><small>(The sunlight is strong.)</small><br></div><div class="spacer battle-history"><br></div><h2 class="battle-history">Turn 31</h2><div class="spacer battle-history"><br></div><div class="battle-history">Calyrex, come back!<br></div><div class="battle-history">Go! <strong>Ditto</strong>!<br></div><div class="battle-history"><small>Ditto was caught in a sticky web!</small><br></div><div class="battle-history"><small>Ditto's Speed fell!</small><br></div><div class="battle-history">[Ditto's Imposter]<br>Ditto transformed into Arceus-Dark!<br></div><div class="spacer battle-history"><br></div><div class="battle-history">The opposing Arceus used <strong>Judgment</strong>!<br></div><div class="battle-history"><small>(Ditto lost <abbr title="−130/300">43.3%</abbr> of its health!)</small><br></div><div class="spacer battle-history"><br></div><div class="battle-history"><small>(The sunlight is strong.)</small><br></div><div class="spacer battle-history"><br></div><h2 class="battle-history">Turn 32</h2><div class="spacer battle-history"><br></div><div class="battle-history">Ditto used <strong>Recover</strong>!<br></div><div class="battle-history"><small>Ditto had its HP restored.</small><br></div><div class="spacer battle-history"><br></div><div class="battle-history">The opposing Arceus used <strong>Recover</strong>!<br></div><div class="battle-history"><small>The opposing Arceus had its HP restored.</small><br></div><div class="spacer battle-history"><br></div><div class="battle-history"><small>(The sunlight is strong.)</small><br></div><div class="spacer battle-history"><br></div><h2 class="battle-history">Turn 33</h2><div class="spacer battle-history"><br></div><div class="battle-history">Ditto used <strong>Recover</strong>!<br></div><div class="battle-history"><small>Ditto had its HP restored.</small><br></div><div class="spacer battle-history"><br></div><div class="battle-history">The opposing Arceus used <strong>Taunt</strong>!<br></div><div class="battle-history"><small>Ditto fell for the taunt!</small><br></div><div class="spacer battle-history"><br></div><div class="battle-history"><small>The harsh sunlight faded.</small><br></div><div class="spacer battle-history"><br></div><h2 class="battle-history">Turn 34</h2><div class="spacer battle-history"><br></div><div class="battle-history">Ditto, come back!<br></div><div class="battle-history">Go! Calyrex (<strong>Calyrex-Shadow</strong>)!<br></div><div class="battle-history">[Calyrex's As One]<br><small>Calyrex has two Abilities!</small><br></div><div class="battle-history">[Calyrex's Unnerve]<br><small>The opposing team is too nervous to eat Berries!</small><br></div><div class="battle-history"><small>Calyrex was caught in a sticky web!</small><br></div><div class="battle-history"><small>Calyrex's Speed fell!</small><br></div><div class="spacer battle-history"><br></div><div class="battle-history">The opposing Arceus used <strong>Judgment</strong>!<br></div><div class="battle-history"><small>It's super effective!</small><br></div><div class="battle-history"><small>(Calyrex lost <abbr title="−1/342">0.3%</abbr> of its health!)</small><br></div><div class="spacer battle-history"><br></div><div class="battle-history">Calyrex fainted!<br></div><div class="chat chatmessage-dyzai mine"><strong style="color:#34a81d"><small>☆</small><span class="username" data-name="Dyzai">Dyzai</span>:</strong> <em>how many pp you have if judgment are only 5</em></div><div class="spacer battle-history"><br></div><div class="battle-history">Go! <strong>Ditto</strong>!<br></div><div class="battle-history"><small>Ditto was caught in a sticky web!</small><br></div><div class="battle-history"><small>Ditto's Speed fell!</small><br></div><div class="battle-history">[Ditto's Imposter]<br>Ditto transformed into Arceus-Dark!<br></div><div class="spacer battle-history"><br></div><h2 class="battle-history">Turn 35</h2><div class="chat message-error">Dyzai has 120 seconds left.</div><div class="spacer battle-history"><br></div><div class="battle-history">Ditto used <strong>Judgment</strong>!<br></div><div class="battle-history"><small>(The opposing Arceus lost 19% of its health!)</small><br></div><div class="spacer battle-history"><br></div><div class="battle-history">The opposing Arceus used <strong>Calm Mind</strong>!<br></div><div class="battle-history"><small>The opposing Arceus's Sp. Atk rose!</small><br></div><div class="battle-history"><small>The opposing Arceus's Sp. Def rose!</small><br></div><div class="spacer battle-history"><br></div><h2 class="battle-history">Turn 36</h2><div class="chat chatmessage-bartei"><strong style="color:#0ea786"><small>☆</small><span class="username" data-name="bartei">bartei</span>:</strong> <em>it's 16</em></div><div class="spacer battle-history"><br></div><div class="battle-history">Ditto used <strong>Judgment</strong>!<br></div><div class="battle-history"><small>(The opposing Arceus lost 15% of its health!)</small><br></div><div class="spacer battle-history"><br></div><div class="battle-history">The opposing Arceus used <strong>Judgment</strong>!<br></div><div class="battle-history"><small>(Ditto lost <abbr title="−184/300">61.3%</abbr> of its health!)</small><br></div><div class="spacer battle-history"><br></div><h2 class="battle-history">Turn 37</h2><div class="spacer battle-history"><br></div><div class="battle-history">Ditto used <strong>Judgment</strong>!<br></div><div class="battle-history"><small>(The opposing Arceus lost 15% of its health!)</small><br></div><div class="spacer battle-history"><br></div><div class="battle-history">The opposing Arceus used <strong>Judgment</strong>!<br></div><div class="battle-history"><small>A critical hit!</small><br></div><div class="battle-history"><small>(Ditto lost <abbr title="−116/300">38.7%</abbr> of its health!)</small><br></div><div class="spacer battle-history"><br></div><div class="battle-history">Ditto fainted!<br></div><div class="spacer battle-history"><br></div><div class="battle-history"><strong>bartei</strong> won the battle!<br></div><div class="chat">Dyzai's rating: 1355 → <strong>1329</strong><br>(-26 for losing)</div><div class="chat">bartei's rating: 1239 → <strong>1272</strong><br>(+33 for winning)</div><div class="chat"><small>☆bartei left</small></div><div class="chat chatmessage-dyzai mine"><strong style="color:#34a81d"><small>☆</small><span class="username" data-name="Dyzai">Dyzai</span>:</strong> <em>possible hacks</em></div></div><div class="inner-preempt message-log"></div></div></div>
</div>
<script>
let daily = Math.floor(Date.now()/1000/60/60/24);document.write('<script src="https://play.pokemonshowdown.com/js/replay-embed.js?version'+daily+'"></'+'script>');
</script>
